@misc{Uhl2016,
  author       = {Andreas Uhl},
  title        = {Biometric Systems},
  year         = {2016},
  note         = {Unterrichts Folien, Universit√§t Salzburg},
  howpublished = {PDF Dokument},
  url          = {https://www.cosy.sbg.ac.at/~uhl/biometrics_slides.pdf}
}